@online{git_official_doc,
    title={Официальная документация Git},
    year={2024},
    url={https://git-scm.com},
    urldate={2025-06-20}
}

@online{learngitbranching,
    title={Learn Git Branching — интерактивное обучение},
    year={2024},
    url={https://learngitbranching.js.org},
    urldate={2025-06-20}
}

@online{progit_book,
    title={Pro Git book (на русском)},
    year={2024},
    url={https://git-scm.com/book/ru/v2},
    urldate={2025-06-20}
}

@online{latex_project_site,
    title={{The \LaTeX\ Project Website}},
    year={2024},
    urldate={2025-06-20},
    url={https://www.latex-project.org}
}

@online{latex_official_doc,
    title={{LaTeX2e: An unofficial reference manual}},
    year={2024},
    urldate={2025-06-20},
    url={https://latexref.xyz}
}

@online{overleaf_intro,
    title={{Overleaf: Online LaTeX Editor}},
    year={2024},
    urldate={2025-06-20},
    url={https://www.overleaf.com}
}

@online{latex_minted,
    title={{The minted package – Highlighting source code in LaTeX}},
    year={2024},
    urldate={2025-06-20},
    url={https://ctan.org/pkg/minted}
}
